<?xml version="1.0" encoding="UTF-8"?>
<collection xmlns:xsi="http://www.w3.org/2001/XMLSchema-instance" xsi:schemaLocation="http://www.loc.gov/MARC21/slim http://www.loc.gov/standards/marcxml/schema/MARC21slim.xsd" xmlns="http://www.loc.gov/MARC21/slim">
<record>
  <leader>01478cam a2200349   4500</leader>
  <controlfield tag="001">4825689</controlfield>
  <controlfield tag="003">NNC</controlfield>
  <controlfield tag="005">20150920223059.0</controlfield>
  <controlfield tag="008">880322m19279999ua            001 0carax </controlfield>
  <datafield tag="010" ind1=" " ind2=" ">
    <subfield code="a">ne 64000648 </subfield>
  </datafield>
  <datafield tag="035" ind1=" " ind2=" ">
    <subfield code="a">(OCoLC)123289096</subfield>
  </datafield>
  <datafield tag="035" ind1=" " ind2=" ">
    <subfield code="a">(OCoLC)ocn123289096</subfield>
  </datafield>
  <datafield tag="035" ind1=" " ind2=" ">
    <subfield code="a">(NNC)4825689</subfield>
  </datafield>
  <datafield tag="040" ind1=" " ind2=" ">
    <subfield code="c">NN</subfield>
    <subfield code="d">NN</subfield>
    <subfield code="d">RPB</subfield>
  </datafield>
  <datafield tag="050" ind1="0" ind2=" ">
    <subfield code="a">PJ7631</subfield>
    <subfield code="b">.A19</subfield>
  </datafield>
  <datafield tag="090" ind1=" " ind2=" ">
    <subfield code="a">PJ7631</subfield>
    <subfield code="b">.A52x 1927</subfield>
  </datafield>
  <datafield tag="100" ind1="0" ind2=" ">
    <subfield code="a">Abū al-Faraj al-Iṣbahānī,</subfield>
    <subfield code="d">897 or 898-967.</subfield>
  </datafield>
  <datafield tag="245" ind1="1" ind2="0">
    <subfield code="a">Kitāb al-aghānī,</subfield>
    <subfield code="c">taʾlīf Abī al-Faraj al-Iṣfahanī.</subfield>
  </datafield>
  <datafield tag="250" ind1=" " ind2=" ">
    <subfield code="a">al-Ṭabʻah 1.</subfield>
  </datafield>
  <datafield tag="260" ind1=" " ind2=" ">
    <subfield code="a">al-Qāhirah,</subfield>
    <subfield code="b">Maṭbaʻat Dār al-Kutub al-Miṣrīyah,</subfield>
    <subfield code="c">1927-</subfield>
  </datafield>
  <datafield tag="300" ind1=" " ind2=" ">
    <subfield code="a">v.</subfield>
    <subfield code="c">28 cm.</subfield>
  </datafield>
  <datafield tag="500" ind1=" " ind2=" ">
    <subfield code="a">In Arabic.</subfield>
  </datafield>
  <datafield tag="500" ind1=" " ind2=" ">
    <subfield code="a">At head of title, v. 1-13: Dār al-Kutub al-Miṣrīyah. al-Qism al-Adabī; v. 14-15 Dār al-Kutub al-Miṣrīyah; v. 16-  al-Jumhūrīyah al-ʻArabīyah al-Muttaḥidah. Wizārat al-Thaqāfah wa-al-Irshād al-Qawmī -- Dār al-Kutub.</subfield>
  </datafield>
  <datafield tag="500" ind1=" " ind2=" ">
    <subfield code="a">Vol. 14 published by Maṭbaʻat Wizārat al-Tarbiyah wa-al-Taʻlīm.</subfield>
  </datafield>
  <datafield tag="500" ind1=" " ind2=" ">
    <subfield code="a">Vol. 16 lacks ed. statement.</subfield>
  </datafield>
  <datafield tag="500" ind1=" " ind2=" ">
    <subfield code="a">Individual volumes edited by Aḥmad Zakī Ṣafwat, ʻAbd al-Salām Muḥammad Hārūn, Muṣṭafá al-Saqqā, and others.</subfield>
  </datafield>
  <datafield tag="500" ind1=" " ind2=" ">
    <subfield code="a">Includes indexes.</subfield>
  </datafield>
  <datafield tag="650" ind1=" " ind2="0">
    <subfield code="a">Arabic poetry</subfield>
    <subfield code="x">History and criticism.</subfield>
  </datafield>
  <datafield tag="650" ind1=" " ind2="0">
    <subfield code="a">Arabic poetry.</subfield>
  </datafield>
  <datafield tag="710" ind1="2" ind2=" ">
    <subfield code="a">Dār al-Kutub al-Miṣrīyah.</subfield>
    <subfield code="x">Qism al-Adabī.</subfield>
  </datafield>
  <datafield tag="955" ind1=" " ind2=" ">
    <subfield code="b">0045891850</subfield>
    <subfield code="d">glx</subfield>
    <subfield code="e">893.7Is1 O31</subfield>
    <subfield code="v">v.13</subfield>
  </datafield>
</record>
</collection>